% Encoding: UTF-8

@Misc{WangLihongV2012BO:P,
  author    = {Wang, Lihong V},
  title     = {Biomedical Optics : Principles and Imaging},
  date      = {2012},
  language  = {eng},
  location  = {Chicester},
  isbn      = {0-471-74304-6},
  publisher = {Wiley},
}

@PhdThesis{Podgorsek:Vielfachschichten,
  author      = {Dr. Podgorsek, Robert-Philip},
  title       = {Diffusionsinduzierte Brechungsindexänderungen in Polymerfilmen als Funktionsprinzip optischer Chemosensoren},
  institution = {Gerhard-Mercator-Universität-Gesamthochschule-Duisburg},
  date        = {1999-07-07},
}

@Article{doi:10.1021/cr010436c,
  author       = {Paltauf, Günther and Dyer, Peter E.},
  title        = {Photomechanical Processes and Effects in Ablation},
  journaltitle = {Chemical Reviews},
  date         = {2003},
  volume       = {103},
  number       = {2},
  pages        = {487-518},
}

@MastersThesis{GraflMonika2015Pm,
  author      = {Monika Grafl},
  title       = {Photoacoustic microscopy},
  institution = {Universität Graz},
  date        = {2015},
  language    = {eng},
  keywords    = {Mikroskop ; Photoakustischer Effekt},
}

@Article{YAO201487,
  author       = {Junjie Yao and Lihong V. Wang},
  title        = {Sensitivity of photoacoustic microscopy},
  journaltitle = {Photoacoustics},
  date         = {2014},
  volume       = {2},
  number       = {2},
  pages        = {87 - 101},
  issn         = {2213-5979},
  keywords     = {Photoacoustic microscopy, Detection sensitivity, Absorption contrast, Ultrasonic transducer, Early cancer detection, Contrast agents},
}

@Book{bauelOptik,
  author    = {Naumann,Helmut and Schröder,G. and Löffler-Mang,Martin},
  title     = {Handbuch Bauelemente der Optik: Grundlagen, Werkstoffe, Geräte, Messtechnik},
  date      = {2014},
  language  = {German},
  publisher = {Hanser Verlag},
}

@Article{Tian:15,
  author       = {Chao Tian and Zhixing Xie and Mario L. Fabiilli and Xueding Wang},
  title        = {Imaging and sensing based on dual-pulse nonlinear photoacoustic contrast: a preliminary study on fatty liver},
  journaltitle = {Opt. Lett.},
  date         = {2015-05},
  volume       = {40},
  number       = {10},
  pages        = {2253-2256},
  abstract     = {The feasibility of diagnostic imaging and tissue characterization based on a new contrast realized by dual-pulse photoacoustic measurement was studied. Unlike current photoacoustic methods which are mostly focused on the measurement of tissue optical absorption, this contrast revealed by a dual-pulse laser excitation process takes advantage of the temperature dependence of the Gr\&\#xFC;neisen parameter of tissue. The first laser pulse heats the sample and causes a temperature rise in the target tissue, which leads to a change of the Gr\&\#xFC;neisen parameter and the amplitude of the photoacoustic signal from the second laser pulse. This new contrast is then quantified by percentile change in the second pulse signal as a result of the first laser pulse. Since the temperature-dependent Gr\&\#xFC;neisen parameter is tissue specific and closely relevant to chemical and molecular properties of the sample, the dual-pulse photoacoustic measurement can differentiate various tissue types and conditions. The preliminary study on phantoms and a mouse model has suggested the capability of the proposed contrast in the characterization of fatty livers and the potential for future clinical diagnosis of liver conditions.},
  keywords     = {Medical and biological imaging; Photoacoustic imaging; Tissue characterization},
  publisher    = {OSA},
}

@Article{Tian:dualPulse,
  author       = {Chao Tian and Zhixing Xie and Mario L. Fabiilli and Shengchun Liu and Cheng Wang and Qian Cheng and Xueding Wang},
  title        = {Dual-pulse nonlinear photoacoustic technique: a practical investigation},
  journaltitle = {Biomed. Opt. Express},
  date         = {2015-08},
  volume       = {6},
  number       = {8},
  pages        = {2923-2933},
  abstract     = {The dual-pulse nonlinear photoacoustic technique is a recently developed technology based on temperature dependence of the Gr\"{u}neisen parameter and involves consecutive excitations of biological tissue using two laser pulses with a short time delay. Here we review the principle of the technique and give a discussion about its technical aspects, including selection and combination of excitation laser wavelengths, determination of laser fluence, estimation of thermal relaxation function and probability of photoablation or cavitation. Comparisons between the dual-pulse technique and conventional photoacoustics as well as thermal photoacoustics are also presented. These investigations are supported by experimental results and will give a practical reference and guide for further developments of the technique.},
  keywords     = {Medical and biological imaging; Photoacoustic imaging; Ultrasound},
  publisher    = {OSA},
}

@Article{waterproperties,
  author       = {Kell, G. S.},
  title        = {Precise representation of volume properties of water at one atmosphere},
  journaltitle = {Journal of Chemical \& Engineering Data},
  date         = {1967},
  volume       = {12},
  number       = {1},
  pages        = {66-69},
}

@Article{Hu:11,
  author       = {Song Hu and Konstantin Maslov and Lihong V. Wang},
  title        = {Second-generation optical-resolution photoacoustic microscopy with improved sensitivity and speed},
  journaltitle = {Opt. Lett.},
  date         = {2011-04},
  volume       = {36},
  number       = {7},
  pages        = {1134-1136},
  abstract     = {We developed second-generation (G2) optical-resolution photoacoustic microscopy (OR-PAM). Incorporation of a novel acoustic detection scheme improved upon the sensitivity of our first-generation (G1) system by 18.4 dB, deepening the in vivo tissue penetration to 1.2 mm at 570 nm. Moreover, translating the imaging head instead of the living object accelerated the scanning speed by a factor of 5, widening the field of view within the same acquisition time. Mouse ears, as well as mouse brains with intact craniums, were imaged in vivo in both total concentration and oxygen saturation of hemoglobin.},
  keywords     = {Medical and biological imaging; Photoacoustic imaging; Scanning microscopy},
  publisher    = {OSA},
}

@Article{Wang:GRPAM,
  author       = {Wang, Lidai and Zhang, Chi and Wang, Lihong V.},
  title        = {Grueneisen Relaxation Photoacoustic Microscopy},
  journaltitle = {Phys. Rev. Lett.},
  date         = {2014-10},
  volume       = {113},
  issue        = {17},
  numpages     = {5},
  publisher    = {American Physical Society},
}

@Article{Ma:GRPAMinVivo,
  author       = {Jun Ma and Junhui Shi and Pengfei Hai and Yong Zhou},
  title        = {Grueneisen relaxation photoacoustic microscopy in vivo},
  journaltitle = {Journal of Biomedical Optics},
  date         = {2016},
  volume       = {21},
}

@Article{Jacques:opticalPropsBiotissue,
  author       = {Jacques, {Steven L.}},
  title        = {Optical properties of biological tissues: A review},
  journaltitle = {Physics in Medicine and Biology},
  date         = {2013-06},
  volume       = {58},
  number       = {11},
  issn         = {0031-9155},
  abstract     = {A review of reported tissue optical properties summarizes the wavelength-dependent behavior of scattering and absorption. Formulae are presented for generating the optical properties of a generic tissue with variable amounts of absorbing chromophores (blood, water, melanin, fat, yellow pigments) and a variable balance between small-scale scatterers and large-scale scatterers in the ultrastructures of cells and tissues.},
  publisher    = {IOP Publishing Ltd.},
}

@Article{Bessel:GRPAM,
  author       = {Junhui Shi, Lidai Wang, Cedric Noordam},
  title        = {Bessel-beam Grueneisen relaxation photoacoustic microscopy with extended depth of field},
  journaltitle = {Journal of Biomedical Optics},
  date         = {2015},
  volume       = {20},
  doi          = {10.1117/1.JBO.20.11.116002},
  url          = {http://dx.doi.org/10.1117/1.JBO.20.11.116002},
  abstract     = {The short focal depth of a Gaussian beam limits the volumetric imaging speed of optical resolution photoacoustic microscopy (OR-PAM). A Bessel beam, which is diffraction free, provides a long focal depth, but its side lobes deteriorate image quality when the Bessel beam is directly employed to excite photoacoustic (PA) signals in OR-PAM. We present a nonlinear approach based on the Grueneisen relaxation effect to suppress the side-lobe artifacts in PA imaging. This method extends the focal depth of OR-PAM and speeds up volumetric imaging. We experimentally demonstrated a 1-mm focal depth with a <strong>7-<i>μ</i>m</strong> lateral resolution and volumetrically imaged a carbon fiber and red blood cell samples.},
}

@Article{Wang:PAMtutorial,
  author       = {L. V. Wang},
  title        = {Tutorial on Photoacoustic Microscopy and Computed Tomography},
  journaltitle = {IEEE Journal of Selected Topics in Quantum Electronics},
  date         = {2008-01},
  volume       = {14},
  number       = {1},
  pages        = {171-179},
  issn         = {1077-260X},
  keywords     = {acoustic microscopy;acoustic tomography;biological tissues;biomedical optical imaging;biomedical ultrasonics;image reconstruction;image resolution;optical microscopy;optical tomography;photoacoustic effect;ballistic photons;confocal microscopy;high ultrasonic resolution;high-resolution optical imaging;optical coherence tomography;optical contrast;optical imaging modalities;penetration limitation;photoacoustic computed tomography;quasiballistic photons;reconstruction-based photoacoustic tomography;scanning photoacoustic microscopy;scattering biological tissues;two-photon microscopy;Biological tissues;Biomedical optical imaging;Computed tomography;Optical imaging;Optical microscopy;Optical scattering;Particle scattering;Photonics;Single photon emission computed tomography;Tutorial;Microwave-induced acoustic imaging;optical imaging;optoacoustic imaging;photoacoustic imaging (PAI);photoacoustic microscopy (PAM);photoacoustic tomography;thermoacoustic tomography},
}

@PhdThesis{GrattSibylle:Dis,
  author      = {Sibylle Gratt},
  title       = {Line-focusing detectors for photoacoustic imaging},
  institution = {Universität Graz},
  date        = {2014},
  language    = {eng},
  abstract    = {Photoakustische Bildgebung kombiniert die Vorteile aus optischer und der Ultraschallbildgebung. Kurze Laserpulse werden von Strukturen innerhalb des zu untersuchenden Objekts absorbiert. Dadurch kommt es zu einer lokalen Erwärmung, und eine rapide Ausdehnung erzeugt breitbandige Ultraschallwellen, die nun vom Inneren des Objektes ausgesendet werden. Diese Wellen können mit verschiedenen Sensoren detektiert werden und erzeugen Bilder mit optischem Kontrast.Fokussierende Detektoren ermöglichen die Untersuchung von interessanten Bereichen innerhalb eines Objektes ohne den gesamten 3D Datensatz aufnehmen zu müssen, da dies sehr zeitaufwändig und für in-vivo Experimente nicht einsetzbar ist. Schnittbilder können beispielsweise durch eine einzige Rotation des Detektors rund um das Objekt aufgenommen werden. Diese Arbeit beschäftigt sich mit drei auf Linien fokussierenden Sensoren für die photoakustische Bildgebung. Grundlegende Ansätze, Aufbau, Charakterisierung sowie Ergebnisse aus Experimenten werden für jeden Sensor gezeigt. Als erster Aufbau wurde ein Axicon-Detektor für die photoakustische Mikroskopie entwickelt. Axicons liefern erhöhte Signalamplituden an Punkten entlang der Achse des Detektors. Außerhalb dieser fokussierenden Linie werden sehr viel niedrigere Amplituden gemessen, diese bleiben aber als Artefakte bestehen und werden mit Hilfe von Datenverarbeitung vermindert. Als nächstes wurde ein piezoelektrischer Zylinder-Sensor für die Aufnahme photoakustischer Schnittbilder entwickelt. Dieser Sensor fokussiert auf eine einzelne Ebene des Objekts. Bildverarbeitung wird verwendet um Artefakte, welche außerhalb der Schnittebene sowie außerhalb der Rotationsachse entstehen, zu vermindern. Als drittes Thema dieser Arbeit wird ein optisches Detektionssystem vorgestellt. Ein Fabry-Perot Interferometer in Kombination mit einer akustischen Linse ermöglicht hoch-empfindliche Messungen von photoakustischen Signalen.},
  keywords    = {Photoakustische Spektrometrie ; Bilderzeugung ; Laserinduziertes Verfahren},
}

@Misc{wiki:resStability,
  author = {Wikimedia Commons},
  title  = {{File:Laser resonator stability.svg --- Wikimedia Commons}},
  date   = {2016},
  note   = {[Online; accessed 22-November-2017]},
  url    = {https://commons.wikimedia.org/w/index.php?title=File:Laser_resonator_stability.svg&oldid=226976971},
}

@Online{data:OrangeG,
  author  = {Fisher Scientific},
  title   = {Datasheet OrangeG},
  date    = {2018-01-22},
  url     = {https://www.fishersci.com/shop/msdsproxy?storeId=10652&productName=O26725},
  urldate = {2018-01-08},
}

@Book{eichler:laser,
  author    = {Eichler, J. and Eichler, H.J.},
  title     = {Laser},
  date      = {2003},
  series    = {Physics and astronomy online library},
  publisher = {Springer},
  isbn      = {9783540003762},
}

@Book{Haynes:physicalProperties,
  author   = {Haynes, William M.},
  title    = {CRC handbook of chemistry and physics : a ready-reference book of chemical and physical data},
  date     = {2013},
  language = {eng},
  edition  = {94. ed.},
  isbn     = {1466571144},
  keywords = {Chemie ; Physik},
}

@Online{rii,
  author  = {Mikhail N. Polyanskiy},
  title   = {Refractive index database},
  date    = {2018},
  url     = {https://refractiveindex.info},
  urldate = {2017-12-04},
}

@Online{data:NSF11,
  author  = {Thorlabs},
  title   = {Material properties for N-SF11},
  date    = {2018-01-22},
  url     = {https://www.thorlabs.com/newgrouppage9.cfm?objectgroup_id=6973&tabname=N-SF11},
  urldate = {2018-01-10},
}

@Online{data:BK7,
  author  = {Thorlabs},
  title   = {Material properties for N-BK7},
  date    = {2018-01-22},
  url     = {https://www.thorlabs.com/newgrouppage9.cfm?objectgroup_id=6973&tabname=N-BK7},
  urldate = {2018-01-10},
}

@Online{data:45008,
  author = {Edmund Optics},
  title  = {Datasheet for the 45-008 lens},
  date   = {2018-01-22},
  url    = {https://www.edmundoptics.de/optics/optical-lenses/plano-concave-pcv-spherical-singlet-lenses/6.0mm-dia.-x12-fl-uncoated-plano-concave-lens/},
}

@Book{book:girodSystemtheorie,
  author    = {Girod, B. and Rabenstein, R. and Stenger, A.},
  title     = {Einf{\"u}hrung in die Systemtheorie: Signale und Systeme in der Elektrotechnik und Informationstechnik},
  date      = {2003},
  series    = {Lehrbuch: Teubner},
  publisher = {Teubner},
  isbn      = {9783519161943},
}

@Book{demtroder:ExPhysik,
  author       = {Demtr{\"o}der, Wolfgang},
  title        = {Experimentalphysik 2},
  date         = {1995},
  volume       = {10},
  publisher    = {Springer},
  journaltitle = {Elektrizit{\"a}t und Optik, Kapitel},
}

@incollection{grun:integrating,
	title={Integrating Detectors for Photoacoustic Imaging},
	author={Gr{\"u}n Hubert and Berer Thomas and Felbermayer Karoline and Burgholzer Peter and Holotta Markus and Zangerl Gerhard and Nuster Robert and Paltauf Günther},
	booktitle={Femtosecond-Scale Optics},
	year={2011},
	publisher={InTech}
}

@Article{PhysRevLett.113.174301,
  author       = {Wang, Lidai and Zhang, Chi and Wang, Lihong V.},
  title        = {Grueneisen Relaxation Photoacoustic Microscopy},
  journaltitle = {Phys. Rev. Lett.},
  date         = {2014-10},
  volume       = {113},
  issue        = {17},
  pages        = {174301},
  doi          = {10.1103/PhysRevLett.113.174301},
  url          = {https://link.aps.org/doi/10.1103/PhysRevLett.113.174301},
  numpages     = {5},
  publisher    = {American Physical Society},
}

@Comment{jabref-meta: databaseType:biblatex;}
